% Encoding: UTF-8
@article{Schaller:1997:MLP:254613.254618,
 author = {Schaller, Robert R.},
 title = {Moore's Law: Past, Present, and Future},
 journal = {IEEE Spectr.},
 issue_date = {June 1997},
 volume = {34},
 number = {6},
 month = jun,
 year = {1997},
 issn = {0018-9235},
 pages = {52--59},
 numpages = {8},
 url = {http://dx.doi.org/10.1109/6.591665},
 doi = {10.1109/6.591665},
 acmid = {254618},
 publisher = {IEEE Press},
 address = {Piscataway, NJ, USA},
} 

@article{thakur2005optimization,
  title={Optimization of collective communication operations in MPICH},
  author={Thakur, Rajeev and Rabenseifner, Rolf and Gropp, William},
  journal={The International Journal of High Performance Computing Applications},
  volume={19},
  number={1},
  pages={49--66},
  year={2005},
  publisher={Sage Publications Sage CA: Thousand Oaks, CA}
}

@inproceedings{vadhiyar2000automatically,
  title={Automatically tuned collective communications},
  author={Vadhiyar, Sathish S and Fagg, Graham E and Dongarra, Jack},
  booktitle={Supercomputing, ACM/IEEE 2000 Conference},
  pages={3--3},
  year={2000},
  organization={IEEE}
}

@article{pjevsivac2007performance,
  title={Performance analysis of MPI collective operations},
  author={Pje{\v{s}}ivac-Grbovi{\'c}, Jelena and Angskun, Thara and Bosilca, George and Fagg, Graham E and Gabriel, Edgar and Dongarra, Jack J},
  journal={Cluster Computing},
  volume={10},
  number={2},
  pages={127--143},
  year={2007},
  publisher={Springer}
}

@techreport{thakur2002improving,
  title={Improving the performance of MPI collective communication on switched networks},
  author={Thakur, Rajeev and Gropp, William},
  year={2002},
  institution={Technical report ANL/MCS-P1007-1102, Mathematics and Computer Science Division, Argonne National Laboratory}
}

@book{snir1998mpi,
  title={MPI--the Complete Reference: the MPI core},
  author={Snir, Marc},
  volume={1},
  year={1998},
  publisher={MIT press}
}

@book{Dongarra:2009:HPH:1795831,
 author = {Dongarra, Jack and Lastovetsky, Alexey L.},
 title = {High Performance Heterogeneous Computing},
 year = {2009},
 isbn = {0470040394, 9780470040393},
 publisher = {Wiley-Interscience},
 address = {New York, NY, USA},
} 

@Thesis{hasanov,
  author = {Hasanov, Khalid},
  title  = {Hierarchical Approach to Optimization of MPI Collective Communication Algorithms},
  month  = {12},
  year   = {2015},
}

@Article{hockney1994communication,
  author    = {Hockney, Roger W},
  title     = {The communication challenge for MPP: Intel Paragon and Meiko CS-2},
  journal   = {Parallel computing},
  year      = {1994},
  volume    = {20},
  number    = {3},
  pages     = {389--398},
  publisher = {Elsevier},
}

@InProceedings{culler1993logp,
  author       = {Culler, David and Karp, Richard and Patterson, David and Sahay, Abhijit and Schauser, Klaus Erik and Santos, Eunice and Subramonian, Ramesh and Von Eicken, Thorsten},
  title        = {LogP: Towards a realistic model of parallel computation},
  booktitle    = {ACM Sigplan Notices},
  year         = {1993},
  volume       = {28},
  number       = {7},
  pages        = {1--12},
  organization = {ACM},
}

@InProceedings{rabenseifner2000automatic,
  author    = {Rabenseifner, Rolf},
  title     = {Automatic mpi counter profiling},
  booktitle = {42nd cug conference},
  year      = {2000},
  pages     = {396--405},
}

@Comment{jabref-meta: databaseType:bibtex;}

@inproceedings{hoefler2010toward,
  title={Toward performance models of MPI implementations for understanding application scaling issues},
  author={Hoefler, Torsten and Gropp, William and Thakur, Rajeev and Tr{\"a}ff, Jesper Larsson},
  booktitle={European MPI Users' Group Meeting},
  pages={21--30},
  year={2010},
  organization={Springer}
}

@inproceedings{bailey2005performance,
  title={Performance modeling: Understanding the past and predicting the future},
  author={Bailey, David H and Snavely, Allan},
  booktitle={European Conference on Parallel Processing},
  pages={185--195},
  year={2005},
  organization={Springer}
}

@book{prakash1996performance,
  title={Performance prediction of parallel programs},
  author={Prakash, Sundeep},
  year={1996},
  publisher={University of California, Los Angeles}
}

@inproceedings{cao2000performance,
  title={Performance modeling of parallel and distributed computing using pace},
  author={Cao, Junwei and Kerbyson, Darren J and Papaefstathiou, Efstathios and Nudd, Graham R},
  booktitle={Performance, Computing, and Communications Conference, 2000. IPCCC'00. Conference Proceeding of the IEEE International},
  pages={485--492},
  year={2000},
  organization={IEEE}
}

@article{balaji2009toward,
  title={Toward message passing for a million processes: Characterizing MPI on a massive scale Blue Gene/P},
  author={Balaji, Pavan and Chan, Anthony and Thakur, Rajeev and Gropp, William and Lusk, Ewing},
  journal={Computer Science-Research and Development},
  volume={24},
  number={1-2},
  pages={11--19},
  year={2009},
  publisher={Springer}
}

@article{sanjay2008performance,
  title={Performance modeling of parallel applications for grid scheduling},
  author={Sanjay, HA and Vadhiyar, Sathish},
  journal={Journal of Parallel and Distributed Computing},
  volume={68},
  number={8},
  pages={1135--1145},
  year={2008},
  publisher={Elsevier}
}
